<?xml version="1.0" encoding="UTF-8"?><collection xmlns="http://www.loc.gov/MARC21/slim"><record><leader>00661nam--2200193-i-4500</leader><controlfield tag="001">000012541</controlfield><controlfield tag="002">20161230</controlfield><controlfield tag="005">20161230201029</controlfield><controlfield tag="008">060222s1000------------r-----000-0-eng-d</controlfield><datafield ind1=" " ind2=" " tag="040"><subfield code="a">IFIN-HH</subfield></datafield><datafield ind1=" " ind2=" " tag="080"><subfield code="a">539.172.3:539.2:539.163.2(061.3)</subfield></datafield><datafield ind1="1" ind2=" " tag="100"><subfield code="a">Barb, D</subfield></datafield><datafield ind1="1" ind2="0" tag="245"><subfield code="a">Mossbauer spectroscopy</subfield><subfield code="b">Proceedings international conference on mossbauer spectroscopy, bucharest - romania 5-10 september 1977</subfield><subfield code="c">D. barb, d. tarina (eds.)</subfield></datafield><datafield ind1=" " ind2=" " tag="260"><subfield code="a">Bucharest 438 P</subfield><subfield code="b">Central Institute Of Physics</subfield><subfield code="c">1977</subfield></datafield><datafield ind1=" " ind2=" " tag="300"><subfield code="a">2 VOLUME</subfield></datafield><datafield ind1="1" ind2=" " tag="700"><subfield code="a">Tarina, D</subfield><subfield code="e">Ed</subfield></datafield><datafield ind1="1" ind2=" " tag="787"><subfield code="a">Volume Ii</subfield><subfield code="h">304p</subfield><subfield code="t">Invited Lectures</subfield></datafield><datafield ind1=" " ind2=" " tag="852"><subfield code="a">44352</subfield><subfield code="c">539.163.2</subfield></datafield><datafield ind1=" " ind2=" " tag="CAT"><subfield code="a">Sys</subfield><subfield code="c">20120525</subfield><subfield code="h">103557</subfield></datafield></record></collection>